%YAML 1.1
%TAG !u! tag:unity3d.com,2011:
--- !u!1 &49929312730208188
GameObject:
  m_ObjectHideFlags: 0
  m_CorrespondingSourceObject: {fileID: 0}
  m_PrefabInstance: {fileID: 0}
  m_PrefabAsset: {fileID: 0}
  serializedVersion: 6
  m_Component:
  - component: {fileID: 7605084570914986898}
  - component: {fileID: 3052992969798016280}
  - component: {fileID: 2291460111051782407}
  - component: {fileID: 6200151055879123193}
  m_Layer: 0
  m_Name: PartA
  m_TagString: Untagged
  m_Icon: {fileID: 0}
  m_NavMeshLayer: 0
  m_StaticEditorFlags: 0
  m_IsActive: 1
--- !u!4 &7605084570914986898
Transform:
  m_ObjectHideFlags: 0
  m_CorrespondingSourceObject: {fileID: 0}
  m_PrefabInstance: {fileID: 0}
  m_PrefabAsset: {fileID: 0}
  m_GameObject: {fileID: 49929312730208188}
  m_LocalRotation: {x: -0.7071068, y: 0, z: -0, w: 0.7071067}
  m_LocalPosition: {x: 0.22059351, y: 0.46044245, z: -0.00792847}
  m_LocalScale: {x: 100, y: 100, z: 100}
  m_Children: []
  m_Father: {fileID: 2100423602949051065}
  m_RootOrder: 0
  m_LocalEulerAnglesHint: {x: 0, y: 0, z: 0}
--- !u!33 &3052992969798016280
MeshFilter:
  m_ObjectHideFlags: 0
  m_CorrespondingSourceObject: {fileID: 0}
  m_PrefabInstance: {fileID: 0}
  m_PrefabAsset: {fileID: 0}
  m_GameObject: {fileID: 49929312730208188}
  m_Mesh: {fileID: 6894428203817054813, guid: f9aaf45d344cdb64291ca6dc60281961, type: 3}
--- !u!23 &2291460111051782407
MeshRenderer:
  m_ObjectHideFlags: 0
  m_CorrespondingSourceObject: {fileID: 0}
  m_PrefabInstance: {fileID: 0}
  m_PrefabAsset: {fileID: 0}
  m_GameObject: {fileID: 49929312730208188}
  m_Enabled: 1
  m_CastShadows: 1
  m_ReceiveShadows: 1
  m_DynamicOccludee: 1
  m_MotionVectors: 1
  m_LightProbeUsage: 1
  m_ReflectionProbeUsage: 1
  m_RayTracingMode: 2
  m_RenderingLayerMask: 1
  m_RendererPriority: 0
  m_Materials:
  - {fileID: 2100000, guid: 9bd8e08dfe92c3e47868f031120068df, type: 2}
  m_StaticBatchInfo:
    firstSubMesh: 0
    subMeshCount: 0
  m_StaticBatchRoot: {fileID: 0}
  m_ProbeAnchor: {fileID: 0}
  m_LightProbeVolumeOverride: {fileID: 0}
  m_ScaleInLightmap: 1
  m_ReceiveGI: 1
  m_PreserveUVs: 0
  m_IgnoreNormalsForChartDetection: 0
  m_ImportantGI: 0
  m_StitchLightmapSeams: 1
  m_SelectedEditorRenderState: 3
  m_MinimumChartSize: 4
  m_AutoUVMaxDistance: 0.5
  m_AutoUVMaxAngle: 89
  m_LightmapParameters: {fileID: 0}
  m_SortingLayerID: 0
  m_SortingLayer: 0
  m_SortingOrder: 0
--- !u!64 &6200151055879123193
MeshCollider:
  m_ObjectHideFlags: 0
  m_CorrespondingSourceObject: {fileID: 0}
  m_PrefabInstance: {fileID: 0}
  m_PrefabAsset: {fileID: 0}
  m_GameObject: {fileID: 49929312730208188}
  m_Material: {fileID: 0}
  m_IsTrigger: 0
  m_Enabled: 1
  serializedVersion: 4
  m_Convex: 0
  m_CookingOptions: 30
  m_Mesh: {fileID: 6894428203817054813, guid: f9aaf45d344cdb64291ca6dc60281961, type: 3}
--- !u!1 &1728996870334702551
GameObject:
  m_ObjectHideFlags: 0
  m_CorrespondingSourceObject: {fileID: 0}
  m_PrefabInstance: {fileID: 0}
  m_PrefabAsset: {fileID: 0}
  serializedVersion: 6
  m_Component:
  - component: {fileID: 3483973512126349508}
  m_Layer: 0
  m_Name: PuntoDisparo
  m_TagString: Untagged
  m_Icon: {fileID: 7422848464349959988, guid: 0000000000000000d000000000000000, type: 0}
  m_NavMeshLayer: 0
  m_StaticEditorFlags: 0
  m_IsActive: 1
--- !u!4 &3483973512126349508
Transform:
  m_ObjectHideFlags: 0
  m_CorrespondingSourceObject: {fileID: 0}
  m_PrefabInstance: {fileID: 0}
  m_PrefabAsset: {fileID: 0}
  m_GameObject: {fileID: 1728996870334702551}
  m_LocalRotation: {x: -0, y: 1, z: -0, w: -0.00000035762784}
  m_LocalPosition: {x: 1.2560005, y: 0.298, z: 0.0000038146973}
  m_LocalScale: {x: 1, y: 1, z: 1}
  m_Children: []
  m_Father: {fileID: 2100423602949051065}
  m_RootOrder: 2
  m_LocalEulerAnglesHint: {x: 0, y: 179.99998, z: 0}
--- !u!1 &3133781842739142826
GameObject:
  m_ObjectHideFlags: 0
  m_CorrespondingSourceObject: {fileID: 0}
  m_PrefabInstance: {fileID: 0}
  m_PrefabAsset: {fileID: 0}
  serializedVersion: 6
  m_Component:
  - component: {fileID: 2100423602949051065}
  - component: {fileID: 5134765640927628023}
  - component: {fileID: 8271907786394554097}
  - component: {fileID: 5444530516218830906}
  m_Layer: 0
  m_Name: LanzaLLamas
  m_TagString: Untagged
  m_Icon: {fileID: 0}
  m_NavMeshLayer: 0
  m_StaticEditorFlags: 0
  m_IsActive: 1
--- !u!4 &2100423602949051065
Transform:
  m_ObjectHideFlags: 0
  m_CorrespondingSourceObject: {fileID: 0}
  m_PrefabInstance: {fileID: 0}
  m_PrefabAsset: {fileID: 0}
  m_GameObject: {fileID: 3133781842739142826}
  m_LocalRotation: {x: 0, y: 0, z: 0, w: 1}
  m_LocalPosition: {x: 8.130737, y: 0.3001918, z: 12.5226}
  m_LocalScale: {x: 1, y: 1, z: 1}
  m_Children:
  - {fileID: 7605084570914986898}
  - {fileID: 4031949595724660846}
  - {fileID: 3483973512126349508}
  - {fileID: 5839474435932911036}
  m_Father: {fileID: 0}
  m_RootOrder: 0
  m_LocalEulerAnglesHint: {x: 0, y: 0, z: 0}
--- !u!65 &5134765640927628023
BoxCollider:
  m_ObjectHideFlags: 0
  m_CorrespondingSourceObject: {fileID: 0}
  m_PrefabInstance: {fileID: 0}
  m_PrefabAsset: {fileID: 0}
  m_GameObject: {fileID: 3133781842739142826}
  m_Material: {fileID: 0}
  m_IsTrigger: 0
  m_Enabled: 1
  serializedVersion: 2
  m_Size: {x: 2.2513876, y: 1.1214939, z: 0.42897797}
  m_Center: {x: 0.042522907, y: 0.21261448, z: 0.0060749054}
--- !u!54 &8271907786394554097
Rigidbody:
  m_ObjectHideFlags: 0
  m_CorrespondingSourceObject: {fileID: 0}
  m_PrefabInstance: {fileID: 0}
  m_PrefabAsset: {fileID: 0}
  m_GameObject: {fileID: 3133781842739142826}
  serializedVersion: 2
  m_Mass: 1
  m_Drag: 0
  m_AngularDrag: 0.05
  m_UseGravity: 1
  m_IsKinematic: 0
  m_Interpolate: 0
  m_Constraints: 126
  m_CollisionDetection: 0
--- !u!114 &5444530516218830906
MonoBehaviour:
  m_ObjectHideFlags: 0
  m_CorrespondingSourceObject: {fileID: 0}
  m_PrefabInstance: {fileID: 0}
  m_PrefabAsset: {fileID: 0}
  m_GameObject: {fileID: 3133781842739142826}
  m_Enabled: 1
  m_EditorHideFlags: 0
  m_Script: {fileID: 11500000, guid: 4b0d0aca4d8a2bc438379bde4003518c, type: 3}
  m_Name: 
  m_EditorClassIdentifier: 
  lanzaLLamasBala: {fileID: 8969077218682680041}
--- !u!1 &5494483010086610706
GameObject:
  m_ObjectHideFlags: 0
  m_CorrespondingSourceObject: {fileID: 0}
  m_PrefabInstance: {fileID: 0}
  m_PrefabAsset: {fileID: 0}
  serializedVersion: 6
  m_Component:
  - component: {fileID: 4031949595724660846}
  - component: {fileID: 8214961047485133527}
  - component: {fileID: 3587241227415198132}
  - component: {fileID: 7782849503029277853}
  m_Layer: 0
  m_Name: PartB
  m_TagString: Untagged
  m_Icon: {fileID: 0}
  m_NavMeshLayer: 0
  m_StaticEditorFlags: 0
  m_IsActive: 1
--- !u!4 &4031949595724660846
Transform:
  m_ObjectHideFlags: 0
  m_CorrespondingSourceObject: {fileID: 0}
  m_PrefabInstance: {fileID: 0}
  m_PrefabAsset: {fileID: 0}
  m_GameObject: {fileID: 5494483010086610706}
  m_LocalRotation: {x: -0.7071068, y: 0, z: -0, w: 0.7071067}
  m_LocalPosition: {x: 0.22059351, y: 0.46044245, z: -0.00792847}
  m_LocalScale: {x: 100, y: 100, z: 100}
  m_Children: []
  m_Father: {fileID: 2100423602949051065}
  m_RootOrder: 1
  m_LocalEulerAnglesHint: {x: 0, y: 0, z: 0}
--- !u!33 &8214961047485133527
MeshFilter:
  m_ObjectHideFlags: 0
  m_CorrespondingSourceObject: {fileID: 0}
  m_PrefabInstance: {fileID: 0}
  m_PrefabAsset: {fileID: 0}
  m_GameObject: {fileID: 5494483010086610706}
  m_Mesh: {fileID: -8302102485596996044, guid: f9aaf45d344cdb64291ca6dc60281961, type: 3}
--- !u!23 &3587241227415198132
MeshRenderer:
  m_ObjectHideFlags: 0
  m_CorrespondingSourceObject: {fileID: 0}
  m_PrefabInstance: {fileID: 0}
  m_PrefabAsset: {fileID: 0}
  m_GameObject: {fileID: 5494483010086610706}
  m_Enabled: 1
  m_CastShadows: 1
  m_ReceiveShadows: 1
  m_DynamicOccludee: 1
  m_MotionVectors: 1
  m_LightProbeUsage: 1
  m_ReflectionProbeUsage: 1
  m_RayTracingMode: 2
  m_RenderingLayerMask: 1
  m_RendererPriority: 0
  m_Materials:
  - {fileID: 2100000, guid: f5be1521879edbe4897ac876c0f21c53, type: 2}
  m_StaticBatchInfo:
    firstSubMesh: 0
    subMeshCount: 0
  m_StaticBatchRoot: {fileID: 0}
  m_ProbeAnchor: {fileID: 0}
  m_LightProbeVolumeOverride: {fileID: 0}
  m_ScaleInLightmap: 1
  m_ReceiveGI: 1
  m_PreserveUVs: 0
  m_IgnoreNormalsForChartDetection: 0
  m_ImportantGI: 0
  m_StitchLightmapSeams: 1
  m_SelectedEditorRenderState: 3
  m_MinimumChartSize: 4
  m_AutoUVMaxDistance: 0.5
  m_AutoUVMaxAngle: 89
  m_LightmapParameters: {fileID: 0}
  m_SortingLayerID: 0
  m_SortingLayer: 0
  m_SortingOrder: 0
--- !u!64 &7782849503029277853
MeshCollider:
  m_ObjectHideFlags: 0
  m_CorrespondingSourceObject: {fileID: 0}
  m_PrefabInstance: {fileID: 0}
  m_PrefabAsset: {fileID: 0}
  m_GameObject: {fileID: 5494483010086610706}
  m_Material: {fileID: 0}
  m_IsTrigger: 0
  m_Enabled: 1
  serializedVersion: 4
  m_Convex: 0
  m_CookingOptions: 30
  m_Mesh: {fileID: -8302102485596996044, guid: f9aaf45d344cdb64291ca6dc60281961, type: 3}
--- !u!1001 &3572820095710193819
PrefabInstance:
  m_ObjectHideFlags: 0
  serializedVersion: 2
  m_Modification:
    m_TransformParent: {fileID: 2100423602949051065}
    m_Modifications:
    - target: {fileID: 5615325486173379186, guid: 3ca299a30fe010749b50b87496df7feb,
        type: 3}
      propertyPath: m_Name
      value: BalaLanzaLLamas
      objectReference: {fileID: 0}
    - target: {fileID: 5615325486173379186, guid: 3ca299a30fe010749b50b87496df7feb,
        type: 3}
      propertyPath: m_IsActive
      value: 0
      objectReference: {fileID: 0}
    - target: {fileID: 5615325486173379186, guid: 3ca299a30fe010749b50b87496df7feb,
        type: 3}
      propertyPath: m_TagString
      value: Llama
      objectReference: {fileID: 0}
    - target: {fileID: 6961667809808981287, guid: 3ca299a30fe010749b50b87496df7feb,
        type: 3}
      propertyPath: m_LocalPosition.x
      value: 2.55
      objectReference: {fileID: 0}
    - target: {fileID: 6961667809808981287, guid: 3ca299a30fe010749b50b87496df7feb,
        type: 3}
      propertyPath: m_LocalPosition.y
      value: -0.14
      objectReference: {fileID: 0}
    - target: {fileID: 6961667809808981287, guid: 3ca299a30fe010749b50b87496df7feb,
        type: 3}
      propertyPath: m_LocalPosition.z
      value: 3.28
      objectReference: {fileID: 0}
    - target: {fileID: 6961667809808981287, guid: 3ca299a30fe010749b50b87496df7feb,
        type: 3}
      propertyPath: m_LocalRotation.x
      value: 0
      objectReference: {fileID: 0}
    - target: {fileID: 6961667809808981287, guid: 3ca299a30fe010749b50b87496df7feb,
        type: 3}
      propertyPath: m_LocalRotation.y
      value: 1
      objectReference: {fileID: 0}
    - target: {fileID: 6961667809808981287, guid: 3ca299a30fe010749b50b87496df7feb,
        type: 3}
      propertyPath: m_LocalRotation.z
      value: 0
      objectReference: {fileID: 0}
    - target: {fileID: 6961667809808981287, guid: 3ca299a30fe010749b50b87496df7feb,
        type: 3}
      propertyPath: m_LocalRotation.w
      value: 0
      objectReference: {fileID: 0}
    - target: {fileID: 6961667809808981287, guid: 3ca299a30fe010749b50b87496df7feb,
        type: 3}
      propertyPath: m_RootOrder
      value: 3
      objectReference: {fileID: 0}
    - target: {fileID: 6961667809808981287, guid: 3ca299a30fe010749b50b87496df7feb,
        type: 3}
      propertyPath: m_LocalEulerAnglesHint.x
      value: 0
      objectReference: {fileID: 0}
    - target: {fileID: 6961667809808981287, guid: 3ca299a30fe010749b50b87496df7feb,
        type: 3}
      propertyPath: m_LocalEulerAnglesHint.y
      value: 180
      objectReference: {fileID: 0}
    - target: {fileID: 6961667809808981287, guid: 3ca299a30fe010749b50b87496df7feb,
        type: 3}
      propertyPath: m_LocalEulerAnglesHint.z
      value: 0
      objectReference: {fileID: 0}
    m_RemovedComponents: []
  m_SourcePrefab: {fileID: 100100000, guid: 3ca299a30fe010749b50b87496df7feb, type: 3}
--- !u!1 &8969077218682680041 stripped
GameObject:
  m_CorrespondingSourceObject: {fileID: 5615325486173379186, guid: 3ca299a30fe010749b50b87496df7feb,
    type: 3}
  m_PrefabInstance: {fileID: 3572820095710193819}
  m_PrefabAsset: {fileID: 0}
--- !u!4 &5839474435932911036 stripped
Transform:
  m_CorrespondingSourceObject: {fileID: 6961667809808981287, guid: 3ca299a30fe010749b50b87496df7feb,
    type: 3}
  m_PrefabInstance: {fileID: 3572820095710193819}
  m_PrefabAsset: {fileID: 0}
